@article{akaike,
    author={Akaike, H.}, 
    journal={Automatic Control, IEEE Transactions on}, 
    title={A new look at the statistical model identification}, 
    year={1974}, 
    volume={19}, 
    number={6}, 
    pages={716-723}, 
    month={Dec}
}

@article{gomez,
    title={A multivariate generalization of the power exponential family of distributions},
    author={Gomez, E and Gomez-Viilegas, MA and Marin, JM},
    journal={Communications in Statistics-Theory and Methods},
    volume={27},
    number={3},
    pages={589--600},
    year={1998},
    publisher={Taylor \& Francis}
}

@article{liavas,
    author={Liavas, A.P. and Regalia, P.A.}, 
    journal={Signal Processing, IEEE Transactions on}, 
    title={On the behavior of information theoretic criteria for model order selection}, 
    year={2001}, 
    volume={49}, 
    number={8}, 
    pages={1689-1695}, 
    month={Aug}
}

@article{rissanen,
    title={Modeling by shortest data description},
    author={Rissanen, Jorma},
    journal={Automatica},
    volume={14},
    number={5},
    pages={465-471},
    year={1978},
    publisher={Elsevier}
}

@article{schwarz,
    author = {Schwarz, G.},
    journal = {The Annals of Statistics},
    pages = {461-464},
    title = {Estimating the dimension of a model},
    volume = {6},
    year = {1978}
}

@article{wax,
    author={Wax, M. and Kailath, T.}, 
    journal={Acoustics, Speech and Signal Processing, IEEE Transactions on}, 
    title={Detection of signals by information theoretic criteria}, 
    year={1985}, 
    volume={33}, 
    number={2}, 
    pages={387-392}, 
    month={Apr}
}

